@book{Hertzberg.2012,
 year = {2012},
 title = {Mobile Roboter: Eine Einf{\"u}hrung aus Sicht der Informatik},
 keywords = {Artificial intelligence;Autonomer Roboter;Computer science;Robotik},
 address = {Berlin, Heidelberg},
 publisher = {{Springer Vieweg}},
 isbn = {978-3-642-01725-4},
 series = {SpringerLink B{\"u}cher},
 editor = {Hertzberg, Joachim and Lingemann, Kai and N{\"u}chter, Andreas},
 doi = {10.1007/978-3-642-01726-1}
}

